
@misc{w:ncg,
  author = "Pavel Mička",
  title = "Problém nejkratší cesty",
  url = "http://www.algoritmy.net/article/36597/Nejkratsi-cesta",
  note = "[cit. 2015-04-08]"
}

@misc{w:dij:def,
  author = "Pavel Mička",
  title = "Dijkstrův algoritmus",
  url = "http://www.algoritmy.net/article/5108/Dijkstruv-algoritmus",
  note = "[cit. 2015-04-08]"
}

@misc{w:fw:def,
  author = "Pavel Mička",
  title = "Floyd-Warshallův algoritmus",
  url = "http://www.algoritmy.net/article/5207/Floyd-Warshalluv-algoritmus",
  note = "[cit. 2015-04-08]"
}
